@PHDTHESIS{Sneden:1973,
   author = {{Sneden}, C.~A.},
    title = "{Carbon and Nitrogen Abundances in Metal-Poor Stars.}",
   school = {The University of Texas at Austin.},
     year = 1973,
   adsurl = {http://adsabs.harvard.edu/abs/1973PhDT.......180S},
  adsnote = {Provided by the SAO/NASA Astrophysics Data System}
}

@ARTICLE{Kurucz:1993,
   author = {{Kurucz}, R.},
    title = "{ATLAS9 Stellar Atmosphere Programs and 2 km/s grid.}",
  journal = {ATLAS9 Stellar Atmosphere Programs and 2 km/s grid.~Kurucz CD-ROM No.~13.~ Cambridge, Mass.: Smithsonian Astrophysical Observatory, 1993.},
     year = 1993,
   volume = 13,
   adsurl = {http://adsabs.harvard.edu/abs/1993KurCD..13.....K},
  adsnote = {Provided by the SAO/NASA Astrophysics Data System}
}

@ARTICLE{Gustafsson:2008,
   author = {{Gustafsson}, B. and {Edvardsson}, B. and {Eriksson}, K. and
	{J{\o}rgensen}, U.~G. and {Nordlund}, {\AA}. and {Plez}, B.},
    title = "{A grid of MARCS model atmospheres for late-type stars. I. Methods and general properties}",
  journal = {\aap},
archivePrefix = "arXiv",
   eprint = {0805.0554},
 keywords = {stars: atmospheres, Sun: abundances, stars: fundamental parameters, stars: general, stars: late-type, stars: supergiants},
     year = 2008,
    month = aug,
   volume = 486,
    pages = {951-970},
      doi = {10.1051/0004-6361:200809724},
   adsurl = {http://adsabs.harvard.edu/abs/2008A%26A...486..951G},
  adsnote = {Provided by the SAO/NASA Astrophysics Data System}
}

@ARTICLE{Tsantaki:2018,
       author = {{Tsantaki}, M. and {Andreasen}, D.~T. and {Teixeira}, G.~D.~C. and
         {Sousa}, S.~G. and {Santos}, N.~C. and {Delgado-Mena}, E. and
         {Bruzual}, G.},
        title = "{Atmospheric stellar parameters for large surveys using FASMA, a new spectral synthesis package}",
      journal = {\mnras},
     keywords = {methods: data analysis, techniques: spectroscopic, surveys, stars: atmospheres, stars: fundamental parameters, Astrophysics - Solar and Stellar Astrophysics, Astrophysics - Instrumentation and Methods for Astrophysics},
         year = "2018",
        month = "Feb",
       volume = {473},
       number = {4},
        pages = {5066-5097},
          doi = {10.1093/mnras/stx2564},
archivePrefix = {arXiv},
       eprint = {1710.00260},
 primaryClass = {astro-ph.SR},
       adsurl = {https://ui.adsabs.harvard.edu/abs/2018MNRAS.473.5066T},
      adsnote = {Provided by the SAO/NASA Astrophysics Data System}
}

@ARTICLE{Adibekyan:2015,
       author = {{Adibekyan}, V. and {Figueira}, P. and {Santos}, N.~C. and
         {Sousa}, S.~G. and {Faria}, J.~P. and {Delgado-Mena}, E. and
         {Oshagh}, M. and {Tsantaki}, M. and {Hakobyan}, A.~A. and
         {Gonz{\'a}lez Hern{\'a}ndez}, J.~I. and {Su{\'a}rez-Andr{\'e}s}, L. and
         {Israelian}, G.},
        title = "{Identifying the best iron-peak and {\ensuremath{\alpha}}-capture elements for chemical tagging: The impact of the number of lines on measured scatter}",
      journal = {\aap},
     keywords = {stars: abundances, stars: general, stars: fundamental parameters, Astrophysics - Solar and Stellar Astrophysics},
         year = "2015",
        month = "Nov",
       volume = {583},
          eid = {A94},
        pages = {A94},
          doi = {10.1051/0004-6361/201527120},
archivePrefix = {arXiv},
       eprint = {1509.02419},
 primaryClass = {astro-ph.SR},
       adsurl = {https://ui.adsabs.harvard.edu/abs/2015A&A...583A..94A},
      adsnote = {Provided by the SAO/NASA Astrophysics Data System}
}

@ARTICLE{Marquardt:1963,
   author = {{Marquardt}, D.~W.},
    title = "{An Algorithm for Least-Squares Estimation of Nonlinear Parameters}",
  journal = {J. Soc. for Indust. and Appl. Math.},
   eprint = {accepted},
 keywords = {},
     year = 1963,
    month = jul,
   volume = 11,
    pages = {431-441},
      doi = {10.1137/0111030},
  adsnote = {Provided by the SAO/NASA Astrophysics Data System}
}

@ARTICLE{Ryabchikova:2015,
   author = {{Ryabchikova}, T. and {Piskunov}, N. and {Kurucz}, R.~L. and
	{Stempels}, H.~C. and {Heiter}, U. and {Pakhomov}, Y. and {Barklem}, P.~S.
	},
    title = "{A major upgrade of the VALD database}",
  journal = {\physscr},
     year = 2015,
    month = may,
   volume = 90,
   number = 5,
      eid = {054005},
    pages = {054005},
      doi = {10.1088/0031-8949/90/5/054005},
   adsurl = {http://adsabs.harvard.edu/abs/2015PhyS...90e4005R},
  adsnote = {Provided by the SAO/NASA Astrophysics Data System}
}
